<?xml version="1.0" encoding="UTF-8"?><collection xmlns="http://www.loc.gov/MARC21/slim"><record><leader>00597nam--2200133-i-4500</leader><controlfield tag="001">000023242</controlfield><controlfield tag="002">20161230</controlfield><controlfield tag="005">20161230201034</controlfield><controlfield tag="008">060222s1000------------r-----000-0-eng-d</controlfield><datafield ind1=" " ind2=" " tag="080"><subfield code="a">061.3:536.45:541.118:669.018.45</subfield></datafield><datafield ind1=" " ind2=" " tag="245"><subfield code="a">High temperature materials. symposium on materials science research. (high temperature materials) organized ty the chemistry and metallurgy committee department of atomic energy, hyderabad of atomic energy, 1972</subfield></datafield><datafield ind1=" " ind2=" " tag="260"><subfield code="a">Hyderabad, Department Of Atomic Energy, 1972, Xiii + 526 P</subfield></datafield><datafield ind1=" " ind2=" " tag="490"><subfield code="a">Proceedings Of The Symposium On Materials Science Research</subfield></datafield><datafield ind1=" " ind2=" " tag="852"><subfield code="a">38356</subfield></datafield></record></collection>